@book{tanenbaum_distributed_systems,
    author = {{Таненбаум Э., Ван-Стеен М.}},
    title = {Распределенные системы. Принципы и парадигмы.},
    address   = {Спб.: Питер},
    year = 2003,
    pages = 877,
}

@article{siegel1998corba,
  author       = {Siegel, Jon},
  title        = {OMG Overview: CORBA and the OMG in Enterprise Computing},
  journaltitle = {Communications of the ACM},
  year         = {1998},
  volume       = {41},
  number       = {10},
  pages        = {37--43},
  doi          = {10.1145/286370.286382}
}

@online{microsoftDCOM,
  title        = {The Distributed Component Object Model (DCOM)},
  organization = {Microsoft},
  url          = {http://www.microsoft.com/com/tech/DCOM.asp},
  note         = {дата обращения: 2025-05-14}
}


@article{flp1985,
  author       = {Fischer, Michael J. and Lynch, Nancy A. and Paterson, Michael S.},
  title        = {Impossibility of Distributed Consensus with One Faulty Process},
  journaltitle = {Journal of the ACM},
  year         = {1985},
  volume       = {32},
  number       = {2},
  pages        = {374--382},
  doi          = {10.1145/3149.214121},
  url          = {https://dl.acm.org/doi/10.1145/3149.214121}
}

@book{lynch1996,
  author       = {Lynch, Nancy},
  title        = {Distributed Algorithms},
  publisher    = {Morgan Kaufmann},
  year         = {1996},
  isbn         = {9781558603486},
  url          = {https://shop.elsevier.com/books/distributed-algorithms/lynch/978-1-55860-348-6}
}

@book{birman2012,
  author       = {Birman, Kenneth P.},
  title        = {Guide to Reliable Distributed Systems: Building High-Assurance Applications and Cloud-Hosted Services},
  publisher    = {Springer},
  year         = {2012},
  isbn         = {9781447124153},
  doi          = {10.1007/978-1-4471-2416-0},
  url          = {https://link.springer.com/book/10.1007/978-1-4471-2416-0}
}

@book{coulouris2012,
  author       = {Coulouris, George and Dollimore, Jean and Kindberg, Tim and Blair, Gordon},
  title        = {Distributed Systems: Concepts and Design},
  edition      = {5},
  publisher    = {Addison-Wesley/Pearson},
  year         = {2012},
  isbn         = {9780137521081},
  url          = {https://www.pearson.com/en-us/subject-catalog/p/distributed-systems-concepts-and-design/P200000003160/9780137521081}
}

@book{radchenko2012,
  author    = {Радченко, Г. И.},
  title     = {Распределенные вычислительные системы},
  publisher = {Фотохудожник},
  location  = {Челябинск},
  year      = {2012},
  pages     = {184}
}

@article{lamport2001paxos,
    title = {Paxos made simple},
    author = {{Lamport, Leslie}},
    year = 2001,
    journal = {ACM SIGACT News},
    volume = {32},
    number = 4,
    pages = {51--58},
    language = {english},
}

@article{ongario2014,
    author = {{Ongaro, Diego, and John Ousterhout.}},
    title = {In search of an understandable consensus algorithm},
    year = 2006,
    journal = {In Proceedings of the 2014 USENIX conference on USENIX Annual Technical Conference},
    pages = {305--320},
}

@online{abeille,
  author       = {Железцов Н.В.},
  title        = {abeille: система распределенных вычислений с Raft},
  year         = {2025},
  url          = {https://github.com/Serpentian/abeille/tree/master},
  note         = {Исходный код проекта},
  urldate      = {2025-09-15}
}

