@book{tanenbaum_distributed_systems,
    author = {{Таненбаум Э., Ван-Стеен М.}},
    title = {Распределенные системы. Принципы и парадигмы.},
    address   = {Спб.: Питер},
    year = 2003,
    pages = 877,
}

@book{cachin11,
    author = {{Качин К., Гуерру Р., Родригес Л.}},
    title = {Введение в надежное и безопасное распределенное программирование.},
    address = {М.: ДМК Пресс,},
    year = 2011,
    pages = 512,
}

@book{petrov,
    author = {{Петров А.}},
    title = {Распределенные данные. Алгоритмы работы современных систем хранения информации.},
    address   = {Спб.: Питер},
    year = 2024,
    pages = 336,
}

@article{skeen83,
    title = {A Formal Model of Crash Recovery in a Distributed System},
    author = {{Skeen, Dale, and M. Stonebraker.}},
    year = 1983,
    journal = {IEEE TRANSACTIONS ON SOFTWARE ENGINEERING},
    volume = {SE-9},
    number = 3,
    pages = {219--228},
    language = {english},
}

@article{christian91,
    title = {},
    author = {{Skeen, Dale, and M. Stonebraker.}},
    year = 1983,
    journal = {IEEE TRANSACTIONS ON SOFTWARE ENGINEERING},
    volume = {SE-9},
    number = 3,
    pages = {219--228},
    language = {english},
}

@inproceedings{brewer00,
  author       = {Eric A. Brewer},
  editor       = {Gil Neiger},
  title        = {Towards robust distributed systems (abstract)},
  booktitle    = {Proceedings of the Nineteenth Annual {ACM} Symposium on Principles
                  of Distributed Computing, July 16-19, 2000, Portland, Oregon, {USA}},
  pages        = {7},
  publisher    = {{ACM}},
  year         = {2000},
}

@article{abadi12,
  author       = {Daniel Abadi},
  title        = {Consistency Tradeoffs in Modern Distributed Database System Design:
                  {CAP} is Only Part of the Story},
  journal      = {Computer},
  volume       = {45},
  number       = {2},
  pages        = {37--42},
  year         = {2012},
}

@article{fischer85,
  author       = {Michael J. Fischer and
                  Nancy A. Lynch and
                  Mike Paterson},
  title        = {Impossibility of Distributed Consensus with One Faulty Process},
  journal      = {J. {ACM}},
  volume       = {32},
  number       = {2},
  pages        = {374--382},
  year         = {1985},
}

@article{lamport01,
    title = {Paxos made simple},
    author = {{Lamport, Leslie}},
    year = 2001,
    journal = {ACM SIGACT News},
    volume = {32},
    number = 4,
    pages = {51--58},
    language = {english},
}

@article{lamport98,
    title = {The part-time parliament},
    author = {{Lamport, Leslie}},
    year = 1998,
    journal = {ACM Transactions on Computer Systems},
    volume = {16},
    number = 2,
    pages = {133--169},
    language = {english},
}

@article{chandra07,
    title = {Paxos made live: an egnineering perspective},
    author = {{Chandra, Tushar D., Robert Griesemer, and Joshua Redstone}},
    year = 2007,
    journal = {In Proceedings of the twenty-sixth annual ACM symposium on
               Principles of distributed computing},
    pages = {398--407},
    language = {english},
}

@article{amir70,
    title = {The temporal logic of programs},
    author = {{Amir Pnueli}},
    journal = {{In Proceedings of the 18th Annual Symposium on the Foundations of Computer Science}},
    pages = {46--57},
    year = 1977,
}

@book{lamport08,
    author = {Lamport, Leslie},
    title = {The Specification Language TLA+},
    year = 2008,
    pages = {616-620},
}

@book{habrias06,
    author = {{Henri Habrias, Marc Frappier}},
    title = {Software Specification Methods},
    address   = {{John Wiley and Sons}},
    year = 2006,
    pages = 418,
}

@article{ongario14,
    author = {{Ongaro, Diego, and John Ousterhout.}},
    title = {In search of an understandable consensus algorithm},
    year = 2006,
    journal = {In Proceedings of the 2014 USENIX conference on USENIX Annual Technical Conference},
    pages = {305--320},
}
