@article{cite_1,
  author  = {Preskill, J.},
  title   = {Quantum computing in the NISQ era and beyond},
  journal = {Quantum},
  volume  = {2},
  pages   = {79},
  year    = {2018},
}

@article{cite_2,
  author  = {Arute, F. and Arya, K. and Babbush, R. and Bacon, D. and
             Bardin, J. C. and Barends, R. and Biswas, R. and Boixo, S. and
             Brandao, F. G. and Buell, D. A. and others},
  title   = {Quantum supremacy using a programmable superconducting processor},
  journal = {Nature},
  volume  = {574},
  pages   = {505},
  year    = {2019},
}

@article{cite_3,
  author  = {Cerezo, M. and Arrasmith, A. and Babbush, R. and Benjamin, S. C. and
             Endo, S. and Fujii, K. and McClean, J. R. and Mitarai, K. and
             Yuan, X. and Cincio, L. and others},
  title   = {Variational quantum algorithms},
  journal = {Nature Reviews Physics},
  volume  = {3},
  pages   = {625},
  year    = {2021},
}

@article{cite_4,
  author  = {Peruzzo, A. and McClean, J. and Shadbolt, P. and Yung, M.-H. and
             Zhou, X.-Q. and Love, P. J. and Aspuru-Guzik, A. and
             O’brien, J. L.},
  title   = {A variational eigenvalue solver on a photonic quantum processor},
  journal = {Nature Communications},
  volume  = {5},
  pages   = {4213},
  year    = {2014},
}

@misc{cite_5,
  author       = {Farhi, E. and Goldstone, J. and Gutmann, S.},
  title        = {A quantum approximate optimization algorithm},
  howpublished = {arXiv:1411.4028},
  year         = {2014},
}

@article{cite_6,
  author  = {Wang, Z. and Wei, S. and Long, G.-L. and Hanzo, L.},
  title   = {Variational quantum attacks threaten Advanced Encryption Standard
             based symmetric cryptography},
  journal = {Science China Information Sciences},
  volume  = {65},
  pages   = {1},
  year    = {2022},
}

@article{cite_7,
  author  = {McArdle, S. and Endo, S. and Aspuru-Guzik, A. and Benjamin, S. C. and
             Yuan, X.},
  title   = {Quantum computational chemistry},
  journal = {Reviews of Modern Physics},
  volume  = {92},
  pages   = {015003},
  year    = {2020},
}

@article{cite_8,
  author  = {Wei, S. and Li, H. and Long, G.},
  title   = {A full quantum eigensolver for quantum chemistry simulations},
  journal = {Research},
  year    = {2020},
  pages   = {1486934},
}

@article{cite_9,
  author  = {Biamonte, J. and Wittek, P. and Pancotti, N. and Rebentrost, P. and
             Wiebe, N. and Lloyd, S.},
  title   = {Quantum machine learning},
  journal = {Nature},
  volume  = {549},
  pages   = {195},
  year    = {2017},
}

@article{cite_10,
  author  = {Wang, Z. and Hadfield, S. and Jiang, Z. and Rieffel, E. G.},
  title   = {Quantum approximate optimization algorithm for MaxCut: A fermionic view},
  journal = {Physical Review A},
  volume  = {97},
  pages   = {022304},
  year    = {2018},
}

@article{cite_11,
  author  = {Harrigan, M. P. and Sung, K. J. and Neeley, M. and Satzinger, K. J. and
             Arute, F. and Arya, K. and others},
  title   = {Quantum approximate optimization of non-planar graph
             problems on a planar superconducting processor},
  journal = {Nature Physics},
  volume  = {17},
  pages   = {332},
  year    = {2021},
}

@article{cite_12,
  author  = {Rivest, R. L. and Shamir, A. and Adleman, L.},
  title   = {A method for obtaining digital signatures and public-key cryptosystems},
  journal = {Communications of the ACM},
  volume  = {21},
  number  = {2},
  pages   = {120--126},
  year    = {1978},
}

@inproceedings{cite_13,
  author    = {Shor, P.},
  title     = {Algorithms for quantum computation: discrete logarithms and factoring},
  booktitle = {Proceedings of the 35th Annual Symposium on Foundations of Computer Science},
  pages     = {124--134},
  year      = {1994},
}

@article{cite_14,
  author  = {Gidney, C. and Ekera, M.},
  title   = {How to factor 2048 bit RSA integers in 8 hours using 20 million noisy qubits},
  journal = {Quantum},
  volume  = {5},
  pages   = {433},
  year    = {2021},
}

@article{cite_15,
  author  = {Gouzien, E. and Sangouard, N.},
  title   = {Factoring 2048-bit RSA integers in 177 days with 13\,436 qubits and a multimode memory},
  journal = {Physical Review Letters},
  volume  = {127},
  pages   = {140503},
  year    = {2021},
}

@article{cite_16,
  author  = {Vandersypen, L. M. and Steffen, M. and Breyta, G. and Yannoni, C. S. and Sherwood, M. H. and Chuang, I. L.},
  title   = {Experimental realization of Shor’s quantum factoring algorithm using nuclear magnetic resonance},
  journal = {Nature},
  volume  = {414},
  pages   = {883},
  year    = {2001},
}

@article{cite_17,
  author  = {Monz, T. and Nigg, D. and Martinez, E. A. and Brandl, M. F. and Schindler, P. and Rines, R. and Wang, S. X. and Chuang, I. L. and Blatt, R.},
  title   = {Realization of a scalable Shor algorithm},
  journal = {Science},
  volume  = {351},
  pages   = {1068},
  year    = {2016},
}

@article{cite_18,
  author  = {Martin-Lopez, E. and Laing, A. and Lawson, T. and Alvarez, R. and Zhou, X.-Q. and O’brien, J. L.},
  title   = {Experimental realization of Shor’s quantum factoring algorithm using qubit recycling},
  journal = {Nature Photonics},
  volume  = {6},
  pages   = {773},
  year    = {2012},
}

@article{cite_19,
  author  = {Farhi, E. and Goldstone, J. and Gutmann, S. and Lapan, J. and Lundgren, A. and Preda, D.},
  title   = {A quantum adiabatic evolution algorithm applied to random instances of an NP-complete problem},
  journal = {Science},
  volume  = {292},
  pages   = {472},
  year    = {2001},
}

@article{cite_20,
  author  = {Schaller, G. and Schützhold, R.},
  title   = {The role of symmetries in adiabatic quantum algorithms},
  journal = {Quantum Information \& Computation},
  volume  = {10},
  pages   = {109},
  year    = {2010},
}

@article{cite_21,
  author  = {Borders, W. A. and Pervaiz, A. Z. and Fukami, S. and Camsari, K. Y. and Ohno, H. and Datta, S.},
  title   = {Integer factorization using stochastic magnetic tunnel junctions},
  journal = {Nature},
  volume  = {573},
  pages   = {390},
  year    = {2019},
}

@article{cite_22,
  author  = {Yan, B. and Jiang, H. and Gao, M. and Duan, Q. and Wang, H. and Ma, Z.},
  title   = {Adiabatic quantum algorithm for factorization with growing minimum energy gap},
  journal = {Quantum Engineering},
  volume  = {3},
  pages   = {e59},
  year    = {2021},
}

@inproceedings{cite_23,
  author    = {Anschuetz, E. and Olson, J. and Aspuru-Guzik, A. and Cao, Y.},
  title     = {Variational quantum factoring},
  booktitle = {International Workshop on Quantum Technology and Optimization Problems},
  pages     = {74--85},
  publisher = {Springer},
  year      = {2019},
}

@article{cite_24,
  author  = {Xu, K. and Xie, T. and Li, Z. and Xu, X. and Wang, M. and Ye, X. and Kong, F. and Geng, J. and Duan, C. and Shi, F. and others},
  title   = {Experimental adiabatic quantum factorization under ambient conditions based on a solid-state single spin system},
  journal = {Physical Review Letters},
  volume  = {118},
  pages   = {130504},
  year    = {2017},
}

@article{cite_25,
  author  = {Jiang, S. and Britt, K. A. and McCaskey, A. J. and Humble, T. S. and Kais, S.},
  title   = {Quantum annealing for prime factorization},
  journal = {Scientific Reports},
  volume  = {8},
  pages   = {17667},
  year    = {2018},
}

@misc{cite_26,
  author       = {Li, Z. and Dattani, N. S. and Chen, X. and Liu, X. and Wang, H. and Tanburn, R. and Chen, H. and Peng, X. and Du, J.},
  title        = {High-fidelity adiabatic quantum computation using the intrinsic Hamiltonian of a spin system: Application to the experimental factorization of 291311},
  howpublished = {arXiv:1706.08061},
  year         = {2017},
}

@article{cite_27,
  author  = {Karamlou, A. H. and Simon, W. A. and Katabarwa, A. and Scholten, T. L. and Peropadre, B. and Cao, Y.},
  title   = {Analyzing the performance of variational quantum factoring on a superconducting quantum processor},
  journal = {npj Quantum Information},
  volume  = {7},
  pages   = {155},
  year    = {2021},
}

@article{cite_28,
  author  = {Mosca, M. and Verschoor, S. R.},
  title   = {Factoring semi-primes with (quantum) SAT-solvers},
  journal = {Scientific Reports},
  volume  = {12},
  pages   = {6723},
  year    = {2022},
}

@incollection{cite_29,
  author    = {Schnorr, C. P.},
  title     = {Factoring integers by CVP algorithms},
  booktitle = {Number Theory and Cryptography},
  editor    = {Jacobson, M.},
  publisher = {Springer},
  pages     = {73--93},
  year      = {2013},
}

@misc{cite_30,
  author       = {Schnorr, C. P.},
  title        = {Fast factoring integers by SVP algorithms, corrected},
  howpublished = {Cryptology ePrint Archive},
  year         = {2021},
}

@misc{cite_31,
  title        = {Supplementary materials},
  howpublished = {See supplementary materials},
  year         = {2023},
}

@article{cite_32,
  author  = {Babai, L.},
  title   = {On Lovász’ lattice reduction and the nearest lattice point problem},
  journal = {Combinatorica},
  volume  = {6},
  pages   = {1},
  year    = {1986},
}

@article{cite_33,
  author  = {Micciancio, D.},
  title   = {The hardness of the closest vector problem with preprocessing},
  journal = {IEEE Transactions on Information Theory},
  volume  = {47},
  pages   = {1212},
  year    = {2001},
}

@article{cite_34,
  author  = {Zhang, X. and Jiang, W. and Deng, J. and Wang, K. and Chen, J. and Zhang, P. and Ren, W. and Dong, H. and Xu, S. and Gao, Y. and others},
  title   = {Digital quantum simulation of Floquet symmetry-protected topological phases},
  journal = {Nature},
  volume  = {607},
  pages   = {468},
  year    = {2022},
}

@article{cite_35,
  author  = {Lenstra, A. K. and Lenstra, H. W. and Lovász, L.},
  title   = {Factoring polynomials with rational coefficients},
  journal = {Mathematische Annalen},
  volume  = {261},
  pages   = {515},
  year    = {1982},
}

@inproceedings{cite_36,
  author    = {Ajtai, M. and Kumar, R. and Sivakumar, D.},
  title     = {A sieve algorithm for the shortest lattice vector problem},
  booktitle = {Proceedings of STOC '01},
  pages     = {601--610},
  year      = {2001},
}

@article{cite_37,
  author  = {Schnorr, C.-P. and Euchner, M.},
  title   = {Lattice basis reduction: Improved practical algorithms and solving subset sum problems},
  journal = {Mathematical Programming},
  volume  = {66},
  pages   = {181},
  year    = {1994},
}

@article{cite_38,
  author  = {Fincke, U. and Pohst, M.},
  title   = {Improved methods for calculating vectors of short length in a lattice, including a complexity analysis},
  journal = {Mathematics of Computation},
  volume  = {44},
  pages   = {463},
  year    = {1985},
}

@inproceedings{cite_39,
  author    = {Schnorr, C.-P. and H\"orner, H. H.},
  title     = {Attacking the Chor--Rivest cryptosystem by improved lattice reduction},
  booktitle = {Proceedings of EUROCRYPT '95},
  pages     = {1--12},
  publisher = {Springer},
  year      = {1995},
}

@inproceedings{cite_40,
  author    = {Gama, N. and Nguyen, P. Q. and Regev, O.},
  title     = {Lattice enumeration using extreme pruning},
  booktitle = {Proceedings of EUROCRYPT '10},
  pages     = {257--278},
  publisher = {Springer},
  year      = {2010},
}

@inproceedings{cite_41,
  author    = {Schnorr, C.},
  title     = {Factoring integers and computing discrete logarithms via Diophantine approximation},
  booktitle = {Proceedings of EUROCRYPT '91},
  pages     = {281--293},
  year      = {1991},
}

@book{cite_42,
  author    = {Cassels, J. W. S.},
  title     = {An Introduction to the Geometry of Numbers},
  publisher = {Springer},
  year      = {2012},
}

@article{cite_43,
  author  = {Kabatiansky, G. A. and Levenshtein, V. I.},
  title   = {On bounds for packings on a sphere and in space},
  journal = {Problemy Peredachi Informatsii},
  volume  = {14},
  pages   = {3},
  year    = {1978},
}

@misc{cite_44,
  author       = {Xu, S. and Sun, Z.-Z. and Wang, K. and Xiang, L. and Bao, Z. and Zhu, Z. and others},
  title        = {Digital simulation of non-Abelian anyons with 68 programmable superconducting qubits},
  howpublished = {arXiv:2211.09802},
  year         = {2022},
}

@article{cite_45,
  author  = {Wang, Z. and Chen, Y. and Song, Z. and Qin, D. and Li, H. and Guo, Q. and Wang, H. and Song, C. and Li, Y.},
  title   = {Scalable evaluation of quantum-circuit error loss using Clifford sampling},
  journal = {Physical Review Letters},
  volume  = {126},
  pages   = {080501},
  year    = {2021},
}

@article{cite_46,
  author  = {McKay, D. C. and Wood, C. J. and Sheldon, S. and Chow, J. M. and Gambetta, J. M.},
  title   = {Efficient Z gates for quantum computing},
  journal = {Physical Review A},
  volume  = {96},
  pages   = {022330},
  year    = {2017},
}

@misc{cite_47,
  author       = {Ren, W. and Li, W. and Xu, S. and Wang, K. and Jiang, W. and Jin, F. and Zhu, X. and Chen, J. and Zhang, P. and Dong, H. and others},
  title        = {Experimental quantum adversarial learning with programmable superconducting qubits},
  howpublished = {arXiv:2204.01738},
  year         = {2022},
}

@article{cite_48,
  author  = {Sung, K. J. and Yao, J. and Harrigan, M. P. and Rubin, N. C. and Jiang, Z. and Lin, L. and Babbush, R. and McClean, J. R.},
  title   = {Using models to improve optimizers for variational quantum algorithms},
  journal = {Quantum Science and Technology},
  volume  = {5},
  pages   = {044008},
  year    = {2020},
}

@article{cite_49,
  author  = {Lagarias, J. C. and Reeds, J. A. and Wright, M. H. and Wright, P. E.},
  title   = {Convergence properties of the Nelder–Mead simplex method in low dimensions},
  journal = {SIAM Journal on Optimization},
  volume  = {9},
  pages   = {112},
  year    = {1998},
}

@article{cite_50,
  author  = {Broyden, C. G.},
  title   = {The convergence of a class of double-rank minimization algorithms: general considerations},
  journal = {IMA Journal of Applied Mathematics},
  volume  = {6},
  pages   = {76},
  year    = {1970},
}

@article{cite_51,
  author  = {Liu, D. C. and Nocedal, J.},
  title   = {On the limited memory BFGS method for large scale optimization},
  journal = {Mathematical Programming},
  volume  = {45},
  pages   = {503},
  year    = {1989},
}

@article{cite_52,
  author  = {Pagano, G. and Bapat, A. and Becker, P. and Collins, K. S. and De, A. and Hess, P. W. and Kaplan, H. B. and Kyprianidis, A. and Tan, W. L. and Baldwin, C. and others},
  title   = {Quantum approximate optimization of the long-range Ising model with a trapped-ion quantum simulator},
  journal = {Proceedings of the National Academy of Sciences},
  volume  = {117},
  pages   = {25396},
  year    = {2020},
}

@article{cite_53,
  author  = {Takahashi, Y. and Kunihiro, N. and Ohta, K.},
  title   = {The quantum Fourier transform on a linear nearest neighbor architecture},
  journal = {Quantum Information \& Computation},
  volume  = {7},
  pages   = {383},
  year    = {2007},
}

@misc{cite_54,
  author       = {Kutin, S. A.},
  title        = {Shor’s algorithm on a nearest-neighbor machine},
  howpublished = {arXiv:quant-ph/0609001},
  year         = {2006},
}

@inproceedings{cite_55,
  author    = {Cheung, D. and Maslov, D. and Severini, S.},
  title     = {Translation techniques between quantum circuit architectures},
  booktitle = {Workshop on Quantum Information Processing},
  year      = {2007},
}

@inproceedings{cite_56,
  author    = {Hirata, Y. and Nakanishi, M. and Yamashita, S. and Nakashima, Y.},
  title     = {An efficient method to convert arbitrary quantum circuits to ones on a linear nearest neighbor architecture},
  booktitle = {Proceedings of ICQNM '09},
  pages     = {26--33},
  publisher = {IEEE},
  year      = {2009},
}

@article{cite_57,
  author  = {Saeedi, M. and Wille, R. and Drechsler, R.},
  title   = {Synthesis of quantum circuits for linear nearest neighbor architectures},
  journal = {Quantum Information Processing},
  volume  = {10},
  pages   = {355},
  year    = {2011},
}

@inproceedings{cite_58,
  author    = {Wille, R. and Keszocze, O. and Walter, M. and Rohrs, P. and Chattopadhyay, A. and Drechsler, R.},
  title     = {Look-ahead schemes for nearest neighbor optimization of 1D and 2D quantum circuits},
  booktitle = {Proceedings of ASP-DAC '16},
  pages     = {292--297},
  publisher = {IEEE},
  year      = {2016},
}

@article{cite_59,
  author  = {Farghadan, A. and Mohammadzadeh, N.},
  title   = {Quantum circuit physical design flow for 2D nearest-neighbor architectures},
  journal = {International Journal of Circuit Theory and Applications},
  volume  = {45},
  pages   = {989},
  year    = {2017},
}
