@misc{futuretdm,
  title        = {Future for Text and Data Mining},
  url          = {https://www.futuretdm.eu/},
}

@misc{muto2016,
  author       = {Muto, Giovanni Sartor},
  title        = {A New Text and Data Mining Exception: Restrictive vs. Extensive Interpretations of Copyright Limitation},
  year         = {2016},
  note         = {Master Thesis, Munich Intellectual Property Law Center (MIPLC)},
  url          = {https://papers.ssrn.com/sol3/papers.cfm?abstract_id=3203296}
}

@techreport{geiger2020tdm,
  author       = {Geiger, Christophe and Frosio, Giancarlo and Bulayenko, Oleksandr},
  title        = {Text and Data Mining: Articles 3 and 4 of the Directive 2019/790/EU},
  year         = {2020},
  institution  = {SSRN},
  url          = {https://papers.ssrn.com/sol3/papers.cfm?abstract_id=3470653},
}

@misc{flynn2020,
  author       = {Flynn, Sean and Geiger, Christophe and Quintais, João Pedro},
  title        = {Implementing User Rights for Research in the Field of Artificial Intelligence: A Call for Action at International Level},
  year         = {2020},
  institution  = {Institute for Information Law},
  url          = {http://copyrightblog.kluweriplaw.com/2020/04/21/implementing-user-rights-for-research-in-the-field-of-artificial-in-telligence-a-call-for-action-at-international-level/},
}

@misc{infopaq2009,
  title        = {Infopaq International A/S v. Danske Dagblades Forening, Case C-5/08},
  year         = {2009},
  url          = {https://eur-lex.europa.eu/legal-content/EN/TX-T/?uri=CELEX%3A62008CJ0005},
  note         = {Judgment of the Court of Justice of the European Union}
}

@techreport{triaille2014tdm,
  author       = {Triaille, Jean-Paul and d'Argenteuil, Julien and de Francquen, Alexandre},
  title        = {Study on the Legal Framework of Text and Data Mining (TDM)},
  institution  = {European Commission},
  year         = {2014},
  url          = {https://op.europa.eu/en/publication-detail/-/publication/074ddf78-01e9-4a1d-9895-65290705e2a5/language-en},
}

@misc{britishhorseracing2004,
  title  = {Case C-203/02: The British Horseracing Board Ltd and Others v. William Hill Organization Ltd},
  year   = {2004},
  url    = {http://curia.europa.eu/juris/liste.jsf?language=de&num=C-203/02},
}

@misc{directive96,
  title  = {Directive 96/9/EC of the European Parliament and of the Council on the Legal Protection of Databases},
  year   = {1996},
  url    = {https://eur-lex.europa.eu/legal-content/DE/ALL/?uri=CELEX%3A31996L0009},
}

@misc{zieger2020,
  author = {Zieger, Christoph and Smirra, Nicola},
  title  = {Fallstricke bei Big Data-Anwendungen – Rechtliche Gesichtspunkte bei der Analyse fremder Daten},
  year   = {2020},
  note   = {Beck-Online Database}
}

@misc{ukcopyright1988,
  title  = {Copyright, Designs and Patents Act 1988, §29A},
  year   = {2014},
  url    = {https://assets.publishing.service.gov.uk/government/uploads/system/uploads/attachment_data/file/772818/copyright-designs-and-patents-act-1988.pdf},
}

@misc{frcode,
  title  = {Code de la propriété intellectuelle, Articles L122-5, L342-3},
  url    = {https://wipolex.wipo.int/ru/text/569956},
}

@misc{gerurhg,
  title  = {Urheberrechtsgesetz, §60d},
  url    = {https://www.gesetze-im-internet.de/urhg/},
}


@article{sergeev2018,
  author = {Сергеев, А.П. and Терещенко, Т.А.},
  title = {Нарушает ли права изготовителя базы данных - объект смежных прав - деятельность по созданию поисковых индексов?},
  journal = {Патенты и лицензии},
  year = {2018},
  number = {8},
  pages = {13}
}

@misc{hug,
  author = {Hugenholtz, B. and Okediji, R.},
  title = {Conceiving an International Instrument on Limitations and Exceptions to Copyright},
  institution = {Institute for Information Law University of Amsterdam/University of Minnesota Law School},
  year = {2008},
  url = {http://www.ivir.nl/publicaties/hugenholtz/finalreport2008.pdf}
}

@misc{britishhorseracing2004,
  title     = {Решение Суда ЕС от 09.11.2004 по делу N C-203/02 The British Horseracing Board Ltd and Others v. William Hill Organization Ltd},
  year      = {2004},
  url       = {http://curia.europa.eu/juris/liste.jsf?language=de&num=C-203/02}
}

@misc{directive96,
  title     = {Directive 96/9/EC of the European Parliament and of the Council of 11 March 1996 on the legal protection of databases – Recitals 39–42},
  year      = {1996},
  url       = {https://eur-lex.europa.eu/legal-content/DE/ALL/?uri=CELEX%3A31996L0009}
}

@article{zieger2020,
  author    = {Zieger, Christian and Smirra, Nicola},
  title     = {Fallstricke bei Big Data-Anwendungen – Rechtliche Gesichtspunkte bei der Analyse fremder Daten},
  journal   = {Beck-Online Datenbank},
}

@misc{ukcopyright1988,
  title     = {Copyright, Designs and Patents Act 1988, § 29A},
  year      = {1988},
  url       = {https://assets.publishing.service.gov.uk/government/uploads/system/uploads/attachment_data/file/772818/copyright-designs-and-patents-act-1988.pdf}
}

@misc{frcode,
  title     = {Code de la propriété intellectuelle, Articles L122-5, L342-3},
  url       = {https://wipolex.wipo.int/ru/text/569956}
}

@misc{gerurhg,
  title     = {Urheberrechtsgesetz, § 60d},
  url       = {https://www.gesetze-im-internet.de/urhg/}
}

@misc{gk_rf,
  title     = {Гражданский кодекс Российской Федерации (часть четвертая)},
  note      = {в ред. Федерального закона от 18.03.2019 N 34-ФЗ},
  year      = {2006},
  url       = {http://www.consultant.ru/document/cons_doc_LAW_64629/}
}

@misc{directive2001,
  title     = {Directive 2001/29/EC of the European Parliament and of the Council of 22 May 2001 on the harmonisation of certain aspects of copyright and related rights in the information society},
  year      = {2001},
  note      = {Article 5(1) and 5(3a)},
  url       = {https://eur-lex.europa.eu/legal-content/EN/TXT/?uri=CELEX%3A32001L0029}
}

@misc{directive1996,
  title     = {Directive 96/9/EC of the European Parliament and of the Council of 11 March 1996 on the legal protection of databases},
  year      = {1996},
  note      = {Article 6(1) and 8(1)},
  url       = {https://eur-lex.europa.eu/legal-content/EN/TXT/?uri=CELEX%3A31996L0009}
}
