@online{VkTech,
  author       = {VKTech},
  title        = {Официальный сайт VK Tech},
  year         = {2025},
  url          = {https://tech.mail.ru/},
  urldate      = {2025-07-14},
  language     = {russian}
}
@online{Tarantool,
  author       = {Tarantool},
  title        = {Официальный сайт Tarantool},
  year         = {2025},
  url          = {https://www.tarantool.io/ru/},
  urldate      = {2025-07-14},
  language     = {russian}
}
@online{TarantoolDoc,
  author       = {Tarantool},
  title        = {Documentation},
  year         = {2025},
  url          = {https://www.tarantool.io/en/doc/latest/},
  urldate      = {2025-07-28},
  language     = {russian}
}
@online{VshardGithub,
  author       = {GitHub},
  title        = {tarantool/vshard},
  year         = {2025},
  url          = {https://github.com/tarantool/vshard/},
  urldate      = {2025-07-28},
  language     = {russian}
}
@online{MapCallrwRfc,
  author       = {GitHub},
  title        = {Consistent Map-Reduce in vshard},
  year         = {2021},
  url          = {https://github.com/tarantool/vshard/discussions/261/},
  urldate      = {2025-07-28},
  language     = {russian}
}
